<record><leader>00000cas a22000007a 4500</leader><controlfield tag="001">18976224</controlfield><controlfield tag="008">890106d18991911mouwr ne      0    0eng d</controlfield><datafield ind1=" " ind2=" " tag="010"><subfield code="a">sn 88068061 </subfield></datafield><datafield ind1=" " ind2=" " tag="040"><subfield code="a">MQN</subfield><subfield code="b">eng</subfield><subfield code="c">MQN</subfield><subfield code="d">OCLCQ</subfield></datafield><datafield ind1="0" ind2="4" tag="245"><subfield code="a">The Farmers favorite.</subfield></datafield><datafield ind1=" " ind2=" " tag="260"><subfield code="a">Clarence, Shelby County, Mo. :</subfield><subfield code="b">R.N. Shanks,</subfield><subfield code="c">1899-</subfield></datafield><datafield ind1=" " ind2=" " tag="300"><subfield code="a">v.</subfield></datafield><datafield ind1=" " ind2=" " tag="310"><subfield code="a">Weekly</subfield></datafield><datafield ind1="0" ind2=" " tag="362"><subfield code="a">Vol. 10, no. 33 (May 19, 1899)- = Whole no. 506-</subfield></datafield><datafield ind1="1" ind2=" " tag="362"><subfield code="a">Ceased in 1911?</subfield></datafield><datafield ind1=" " ind2=" " tag="752"><subfield code="a">United States</subfield><subfield code="b">Missouri</subfield><subfield code="c">Shelby</subfield><subfield code="d">Clarence.</subfield></datafield><datafield ind1="0" ind2="0" tag="780"><subfield code="t">Clarence republican</subfield><subfield code="w">(DLC)sn 88068060</subfield></datafield><datafield ind1="0" ind2="0" tag="785"><subfield code="t">Clarence republican (Clarence, Mo. : 1911)</subfield><subfield code="w">(DLC)sn 88068062</subfield></datafield></record>